@article{ecma404,
	title     = "ECMA-404, The JSON data interchange syntax, 2nd edition",
	year      = "2017",
}

@online{json-problem,
	title     = "Тема №6 JSON парсер",
	url       = "https://docs.google.com/document/d/1yGwTjf8gskWtwMzavdfM4g3cZAkf-ZNiJQaht1i083o/edit?usp=sharing",
	year      = "2023",
	urldate   = "24 юни 2023"
}

@online{nlohmann_json,
	title     = "JSON for Modern C++ parser and generator.",
	author    = "Niels Lohmann",
	urldate   = "24 юни 2023",
	url       = "https://github.com/nlohmann/json"
}

@online{fuzzytesting,
	title     = "Fuzzy testing",
	urldate   = "24 юни 2023",
	url       = "https://en.wikipedia.org/wiki/Fuzzing"
}

@online{libFuzzer,
	title     = "libFuzzer",
	urldate   = "24 юни 2023",
	url       = "https://llvm.org/docs/LibFuzzer.html"
}

@online{llvm,
	title     = "llvm",
	urldate   = "24 юни 2023",
	url       = "https://llvm.org"
}

@online{gcc,
	title     = "gcc",
	urldate   = "24 юни 2023",
	url       = "gcc.gnu.org/"
}

@online{stl,
	title     = "stl",
	urldate   = "24 юни 2023",
	url       = "https://en.cppreference.com/w/cpp/standard_library"
}

@online{thestd,
	title     = "Working Draft, Standard for Programming Language C++",
	urldate   = "24 юни 2023",
	url       = "https://www.eel.is/c++draft/"
}

@online{crtp,
	title     = "Curiously Recurring Template Pattern",
	urldate   = "24 юни 2023",
	url       = "https://en.cppreference.com/w/cpp/language/crtp"
}

@online{gtest,
	title     = "googletest",
	urldate   = "24 юни 2023",
	url       = "https://github.com/google/googletest"
}

@online{jsonorg,
	title     = "json.org",
	urldate   = "24 юни 2023",
	url       = "json.org"
}

@online{llvm_astdump,
	title     = "-ast-dump=json option in clang",
	urldate   = "24 юни 2023",
	url       = "https://reviews.llvm.org/D60910"
}

@online{yacc,
	title     = "Yet Another Compiler-Compiler",
	urldate   = "24 юни 2023",
	url       = "https://www.gnu.org/software/bison/manual/html_node/Yacc.html"
}

@online{flex,
	title     = "flex",
	urldate   = "24 юни 2023",
	url       = "https://ftp.gnu.org/old-gnu/Manuals/flex-2.5.4/html_mono/flex.html"
}

@online{re2c,
	title     = "flex",
	urldate   = "24 юни 2023",
	url       = "https://re2c.org/"
}

@online{bison,
	title     = "GNU Bison",
	urldate   = "24 юни 2023",
	url       = "https://www.gnu.org/software/bison/"
}

@online{conan_centre_nlohmann_json,
	title     = "nlohmann_json ",
	urldate   = "24 юни 2023",
	url       = "https://conan.io/center/nlohmann_json"
}

@online{conan_centre,
	title     = "Conan Centre",
	urldate   = "24 юни 2023",
	url       = "https://conan.io/center"
}

@online{conan,
	title     = "The Conan Package Manager",
	urldate   = "24 юни 2023",
	url       = "https://conan.io/"
}
